@book{boas,
	title={Mathematical methods in the physical sciences},
	author={Boas, Mary L},
	volume={2},
	year={1966},
	publisher={Wiley New York}
}

@book{griffiths,
  	title={Introduction to electrodynamics},
  	author={Griffiths, David Jeffrey and Reed College},
  	volume={3},
  	year={1999},
  	publisher={Prentice Hall Upper Saddle River, NJ}
}

@article{intel-opt,
	title={Optimization Reference Manual},
	author={Intel Corporation},
	journal={Intel Software Developer's Manual},
	year={2014}
}

@article{intel-3a,
	title={Volume 3A: System Programming Guide, Part 1},
	journal={Intel Software Developer's Manual},
	author={Intel Corporation},
	year={2014}
}

@article{intel-1,
	title={Volume 1: Basic Architecture},
	journal={Intel Software Developer's Manual},
	author={Intel Corporation},
	year={2014}
}

@misc{poisson-relax,
	author = {Richard J. Gonsalves},
	title = {Poisson's Equation and Relaxation Methods},
	howpublished = {\url{http://www.physics.buffalo.edu/phy410-505/2011/topic3/app1/index.html} accessed 2016-04-30},
	year = {2011},
}

@inproceedings{parallel,
	title={A parallel multigrid Poisson solver for fluids simulation on large grids},
	author={McAdams, Aleka and Sifakis, Eftychios and Teran, Joseph},
	booktitle={Proceedings of the 2010 ACM SIGGRAPH/Eurographics Symposium on Computer Animation},
	pages={65--74},
	year={2010},
	organization={Eurographics Association}
}

@article{myths,
	title={Myths and methods in modeling},
	author={Spiegelman, Marc},
	journal={Columbia University Course Lecture Notes, available online at \url{http://www.ldeo.columbia.edu/~mspieg/mmm/course.pdf}, accessed May 2016},
	volume={6},
	pages={2006},
	year={2004}
}

@manual{gtod,
	title      = "gettimeofday(3) Linux Users Manual",
	edition = "2.23",
	organization  = "IEEE / The Open Group",
	year       = "2016",
	month      = "May",
}
